
@report{_data_2010,
	location = {Karlstein},
	title = {Data sheet: {BM}26650ETC1 - High Power Lithium Iron Phosphate Cell},
	url = {www.bmz-gmbh.de},
	institution = {Batterien-Montage-Zentrum {GmbH} ({BMZ})},
	date = {2010},
	file = {_BM26650ETC.pdf:C\:\\Users\\Emotion\\AppData\\Roaming\\Zotero\\Zotero\\Profiles\\0814wgfq.default\\zotero\\storage\\IRTX3K3S\\_BM26650ETC.pdf:application/pdf}
}

@article{lijun_gao_dynamic_2002,
	title = {Dynamic lithium-ion battery model for system simulation},
	volume = {25},
	issn = {1521-3331},
	doi = {10.1109/TCAPT.2002.803653},
	pages = {495--505},
	number = {3},
	journaltitle = {{IEEE} Transactions on Components and Packaging Technologies},
	author = {{Lijun Gao} and {Shengyi Liu} and Dougal, R.A.},
	date = {2002-09},
	langid = {english},
	file = {Dynamic Lithium-Ion Battery Model for System Simulation.pdf:C\:\\Users\\Emotion\\AppData\\Roaming\\Zotero\\Zotero\\Profiles\\0814wgfq.default\\zotero\\storage\\3Q2SBCSN\\Dynamic Lithium-Ion Battery Model for System Simulation.pdf:application/pdf}
}

@thesis{werder_entwicklung_2014,
	location = {Berlin},
	title = {Entwicklung eines Batteriemodells auf Lithium Basis},
	institution = {{HTW} Berlin},
	type = {phdthesis},
	author = {Werder, Frederik Valentin},
	date = {2014-09-30},
	file = {WERDER 2014 Entwicklung eines Batteriemodells.pdf:C\:\\Users\\Emotion\\AppData\\Roaming\\Zotero\\Zotero\\Profiles\\0814wgfq.default\\zotero\\storage\\5Z7NHM56\\WERDER 2014 Entwicklung eines Batteriemodells.pdf:application/pdf}
}

@online{_lithium_????,
	title = {lithium ion charge number - Wolfram{\textbar}Alpha},
	rights = {Wolfram Alpha {LLC}},
	url = {http://www.wolframalpha.com/input/?i=lithium+ion+charge+number},
	titleaddon = {Wolfram Alpha},
	urldate = {2017-02-26},
	file = {lithium ion charge number - Wolfram|Alpha:C\:\\Users\\Emotion\\AppData\\Roaming\\Zotero\\Zotero\\Profiles\\0814wgfq.default\\zotero\\storage\\FQ3QWTZR\\input.html:text/html}
}

@article{hyndman_another_2006,
	title = {Another look at measures of forecast accuracy},
	volume = {22},
	issn = {01692070},
	doi = {10.1016/j.ijforecast.2006.03.001},
	pages = {679--688},
	number = {4},
	journaltitle = {International Journal of Forecasting},
	author = {Hyndman, Rob J. and Koehler, Anne B.},
	date = {2006-10},
	langid = {english},
	file = {Hyndman and Koehler - 2006 - Another look at measures of forecast accuracy.pdf:C\:\\Users\\Emotion\\AppData\\Roaming\\Zotero\\Zotero\\Profiles\\0814wgfq.default\\zotero\\storage\\9U5FSRCE\\Hyndman and Koehler - 2006 - Another look at measures of forecast accuracy.pdf:application/pdf}
}